@inproceedings{allen2014linear,
  title = {Linear coupling: An ultimate unification of gradient and mirror descent},
  author = {Allen-Zhu, Zeyuan and Orecchia, Lorenzo},
  booktitle = {Proc.~$8$th ITCS},
  year = {2017}
}

@article{bubeck,
  title = {Convex Optimization: Algorithms and Complexity},
  author = {SÃ©bastien Bubeck},
  journal = {Foundations and Trends in Machine Learning},
  volume = {8},
  year = {2015},
  number = {3-4},
  pages = {231-357},
}

@inproceedings{Duchi2008,
  author = {Duchi, John and Shalev-Shwartz, Shai and Singer, Yoram and Chandra, Tushar},
  title = {Efficient projections onto the $\ell_1$-ball for learning in high dimensions},
  booktitle = {Proc.~$25$th ICML},
  pages = {272--279},
  publisher = {ACM},
  year = {2008}
}

@article{Frank1956,
  author = {Frank, Marguerite and Wolfe, Philip},
  title = {{An algorithm for quadratic programming}},
  journal = {Naval Research Logistics Quarterly},
  number = {1-2},
  pages = {95--110},
  volume = {3},
  year = {1956}
}

@book{lax,
  title = {Linear Algebra and Its Applications},
  author = {Peter D.~Lax},
  year = {2007},
  publisher = {Wiley}
}

@article{nesterov83,
  title = {A method of solving a convex programming problem with convergence
rate ${O}(1/k^2)$},
  author = {Yurii Nesterov},
  journal = {Doklady AN SSSR (translated as Soviet Mathematics Doklady)},
  volume = {269},
  pages = {543--547},
  year = {1983}
} 

@book{nesterov04,
  title = {Introductory Lectures on Convex Programming. Volume I: A basic course},
  author = {Yurii Nesterov},
  publisher = {Kluwer Academic Publishers},
  year = {2004}
}

@book{trefethen97,
  title = {Numerical Linear Algebra},
  author = {Lloyd N.~Trefethen and {David Bau, III}},
  publisher = {SIAM},
  year = {1997}
}


@article{Robbins&Monro:1951,
  added-at = {2008-10-07T16:03:39.000+0200},
  author = {Robbins, H. and Monro, S.},
  biburl = {https://www.bibsonomy.org/bibtex/2cc1b9aa8927ac4952e93f34094a3eaaf/brefeld},
  interhash = {93d54534a08c30eda9e34d1def03ffa3},
  intrahash = {cc1b9aa8927ac4952e93f34094a3eaaf},
  journal = {Annals of Mathematical Statistics},
  keywords = {imported},
  pages = {400-407},
  timestamp = {2008-10-07T16:03:40.000+0200},
  title = {A stochastic approximation method},
  volume = 22,
  year = 1951
}


@ARTICLE{Rosenblatt58theperceptron:,
    author = {F. Rosenblatt},
    title = {The Perceptron: A Probabilistic Model for Information Storage and Organization in The Brain},
    journal = {Psychological Review},
    year = {1958},
    pages = {65--386}
}

@article{HardtRS15,
  author    = {Moritz Hardt and
               Benjamin Recht and
               Yoram Singer},
  title     = {Train faster, generalize better: Stability of stochastic gradient
               descent},
  journal   = {CoRR},
  volume    = {abs/1509.01240},
  year      = {2015},
  archivePrefix = {arXiv},
  eprint    = {1509.01240},
  timestamp = {Wed, 07 Jun 2017 14:41:05 +0200},
  biburl    = {http://dblp.org/rec/bib/journals/corr/HardtRS15},
  bibsource = {dblp computer science bibliography, http://dblp.org}
}

@article{Shalev2010LearnabilitySA,
  title={Learnability, Stability and Uniform Convergence},
  author={Shai Shalev-Shwartz and Ohad Shamir and Nathan Srebro and Karthik Sridharan},
  journal={Journal of Machine Learning Research},
  year={2010},
  volume={11},
  pages={2635-2670}
}

